% This file was originally created with Citavi 6.7.0.0

% Beispiel und Hinweise für bibstyle maas: Das (Deutschland) ist in Deutschland natürlich nicht notwendig.
% Der \mbox{} Befehl kann hilfreich sein, wenn bei DOI oder ISBN an ungünstigen Stellen die Zeilen brechen.
% Der publisher wurde mit {{xxx}} angegeben. Weiß nicht welchen Effekt es hat die innere Klammer zu löschen.
% Bei der DOI kann man auch einfach die Nummer angeben.
@book{Beispiel.2023,
  author    = {Tobias Geschonneck et al.},
  year      = {2023},
  title     = {Modellprädiktive Regelung eines keramischen Receivers für Solartürme},
  address   = {Leverkusen (Deutschland)},
  edition   = {1. \uppercase{A}uflage},
  publisher = {Technische Hochschule Köln},
  isbn      = {12345678},
  note      = {\uppercase{DOI}: \url{http://dx.doi.org/10.4229/35thEUPVSEC20182018-6DO.10.5}}
}




@book{Follinger.2016,
  author    = {F{\"o}llinger, Otto and Konigorski, Ulrich and Lohmann, Boris and Roppenecker, G{\"u}nter and Tr{\"a}chtler, Ansgar},
  year      = {2016},
  title     = {Regelungstechnik: Einf{\"u}hrung in die Methoden und ihre Anwendung},
  price     = {geb. : EUR 49,90},
  address   = {Berlin and Offenbach},
  edition   = {12., {\"u}berarbeitete Auflage},
  publisher = {{VDE Verlag GmbH}},
  isbn      = {3800742012},
  series    = {Lehrbuch Studium},
  file      = {http://d-nb.info/1099111307/04}
}


@book{ifmelectronic.2004,
  author  = {{ifm electronic}},
  year    = {2004},
  title   = {Sensorik, Systemkommunikationund Steuerungstechnikf{\"u}r die Automatisierung},
  url     = {https://www.ifm.com/obj/S400d.pdf},
  urldate = {19.07.2021}
}


@book{joyit.06.06.2019,
  author  = {joy-it},
  year    = {06.06.2019},
  title   = {Datenblatt: SEN-MPU6050: Beschleunigungssensor /Gyroskop Modul},
  url     = {https://asset.conrad.com/media10/add/160267/c1/-/de/002136256DS01/datenblatt-2136256-joy-it-mpu6050-beschleunigungs-sensor-1-st-passend-fuer-entwicklungskits-microbit-arduino-raspberry-pi-rock-pi.pdf},
  urldate = {15.07.2021}
}


@book{Reuter.2008,
  abstract  = {Statisches Verhalten und Linearisierung - Beschreibung von Regelkreisen mit Differentialgleichungen im Zeitbereich - Systemdynamik mit Laplace-Transformation im Bild- und Frequenzbereich - Regelkreisanalyse anhand Ortskurve, Bode-Diagramm, Wurzelortskurve - Regelkreisanalyse mit MATLAB/Simulink - Stabilit{\"a}tsuntersuchung - Entwurfsverfahren f{\"u}r Regelkreise mit stabilen und instabilen Strecken - Lineare Regelung einschlie{\ss}lich Mehrgr{\"o}{\ss}en- und Overrideregelung - Nichtlineare, unstetige und digitale Regelung - PC-gest{\"u}tzte modellbasierte Regelung - Fuzzy- und Neuro-Regelung - Hinweise zur Zustandsregelung},
  author    = {Reuter, Manfred and Zacher, Serge},
  year      = {2008},
  title     = {Regelungstechnik f{\"u}r Ingenieure: Analyse, Simulation und Entwurf von Regelkreisen},
  address   = {Wiesbaden},
  edition   = {12., korrigierte und erweiterte Auflage},
  publisher = {{Vieweg +Teubner / GWV Fachverlage GmbH Wiesbaden}},
  isbn      = {9783834895042},
  doi       = {10.1007/978-3-8348-9504-2},
  file      = {http://external.dandelon.com/download/attachments/dandelon/ids/DE00206DC7B913AB28237C1257465002D1C45.pdf},
  file      = {https://external.dandelon.com/download/attachments/dandelon/ids/DE00206DC7B913AB28237C1257465002D1C45.pdf},
  file      = {2c2bab94-22c2-4457-adfd-3856d3f2dda5:C\:\\Users\\felix\\AppData\\Local\\Swiss Academic Software\\Citavi 6\\ProjectCache\\i4h8uh1iike3mft1ohogc0rkcfp6tulwajbua1oq1wxhyyzql\\Citavi Attachments\\2c2bab94-22c2-4457-adfd-3856d3f2dda5.pdf:pdf}
}


@book{RSComponentsGmbH.,
  author  = {{RS Components GmbH}},
  title   = {Alles {\"u}ber Accelerometer und Gyrometer: Beschleunigung messen und Dynamik auswerten},
  url     = {https://de.rs-online.com/web/generalDisplay.html?id=ideen-und-tipps/accelerometer-leitfaden},
  urldate = {15.07.2021}
}


@book{SycoTec.01.Juli2019,
  author  = {SycoTec},
  year    = {01.07.2019},
  title   = {Die wichtigsten Arten von Elektromotoren im {\"U}berblick},
  url     = {https://info.sycotec.eu/elektromotoren-arten/},
  urldate = {16.07.2021}
}


